% Encoding: UTF-8
%% Remember to build BibTex to make sure that bibliography is generated
%% => Needs to be run also after reference is added.
%% To add reference; \cite{McAfeeAndIntel}
%% http://en.wikibooks.org/wiki/LaTeX/Bibliography_Management

%% Example of inproceedings - Harvard style

@Book{Paar2010,
  title     = {Understanding Cryptography: A textbook for students and practitioners},
  publisher = {Springer},
  year      = {2010},
  author    = {Christof Paar and Jan Pelzl},
  isbn      = {978-3-642-04100-6},
  doi       = {10.1007/978-3-642-04101-3},
}

@Book{Trappe2006,
  title     = {Introduction to cryptography with coding theory},
  publisher = {Pearson Prentice Hall},
  year      = {2006},
  author    = {Wade Trappe and Lawrence C. Washington},
  edition   = {2},
  isbn      = {0-13-186239-1},
}

@Book{Menezes1997,
  title     = {Handbook of Applied cryptography},
  publisher = {CRC Press},
  year      = {1997},
  author    = {Alfred J. Menezes, Paul C. van Oorschot, andScott A. Vanstone},
  isbn      = {978-08493-8523-0},
}

@Book{Anderson2008,
  title     = {Security Engineering: A Guide to Building Dependable Distributed Systems},
  publisher = {Wiley Publishing, Inc.},
  year      = {2008},
  author    = {Ross J. Anderson},
  edition   = {Second Edition},
  isbn      = {978-0-470-06852-6},
}

@Book{Bishop2003,
  title     = {Computer Security: Art and science},
  publisher = {Addison-Wesley},
  year      = {2003},
  author    = {Matt Bishop},
  isbn      = {978-0-201-44099-7},
}

@Book{Goodrich2011,
  title     = {Introduction to Computer Security},
  publisher = {Pearson},
  year      = {2011},
  author    = {Michael T. Goodrich and Roberto Tamassia},
  isbn      = {978-0-321-70201-2},
}

@Book{Gollman2011,
  title     = {Computer Security},
  publisher = {Wiley},
  year      = {2011},
  author    = {Dieter Gollman},
  isbn      = {978-0-470-74115-3},
}

@Book{Dowd2012,
  title     = {The art of software security asessment: Identifying and preventing software vulnerabilities},
  publisher = {Addison-Wesley},
  year      = {2012},
  author    = {Mark Dowd and John McDonald and Justin Schuh},
  isbn      = {978-0-321-44442-4},
}

@Book{Erickson2008,
  title     = {Hacking: The art of exploitation},
  publisher = {No Starch Press},
  year      = {2008},
  author    = {Erickson, Jon},
}

@Book{Ligh2010,
  title     = {Malware Analyst's Cookbook and DVD: Tools and Techniques for Fighting Malicious Code},
  publisher = {Wiley Publishing},
  year      = {2010},
  author    = {Ligh, Michael and Adair, Steven and Hartstein, Blake and Richard, Matthew},
  isbn      = {0470613033, 9780470613030},
}

@Book{Schneier2000,
  title     = {Secrets and Lies: Digital Security in a Networked World},
  publisher = {John Wiley \& Sons, Inc.},
  year      = {2000},
  author    = {Bruce Schneier},
  edition   = {15th Anniversary Edition},
  isbn      = {9781119092438},
}

@Book{Shostack2014,
  title     = {Threat Modeling: Designing for Security},
  publisher = {John Wiley \& Sons, Inc.},
  year      = {2014},
  author    = {Adam Shostack},
  isbn      = {978-1-118-80999-0},
}

@Book{Allsopp2009,
  title     = {Unauthorised Access: Physical Penetration Testing For IT Security Teams},
  publisher = {John Wiley and Sons, Ltd},
  year      = {2009},
  author    = {Wil Allsopp},
}

@Book{Stuttard2011,
  title     = {The Web Application Hacker’s Handbook: Finding and Exploiting Security Flaws},
  publisher = {John Wiley \& Sons, Inc.},
  year      = {2011},
  author    = {Dafydd Stuttard and Marcus Pinto},
  edition   = {Second Edition},
  isbn      = {978-1-118-02647-2�},
}

@Book{Mitnick2002,
  title     = {The Art of Deception: Controlling the Human Element of Security},
  publisher = {Wiley},
  year      = {2002},
  author    = {Mitnick, Kevin D and Simon, William L},
}

@Book{Oriyano2016,
  title     = {CEH v9: Certified Ethical Hacker},
  publisher = {John Wiley \& Sons, Inc.},
  year      = {2016},
  author    = {Sean-Philip Oriyano},
  isbn      = {978-1-119-25224-5},
}

@Book{Ferguson2010,
  title     = {Cryptography Engineering: Design Principles and Practical Applications},
  publisher = {Wiley Publishing},
  year      = {2010},
  author    = {Niels Ferguson and Bruce Schneier and Tadayoshi Kohno},
  isbn      = {978-0-470-47424-2},
}

@Comment{jabref-meta: databaseType:bibtex;}
