% Encoding: UTF-8
%% Remember to build BibTex to make sure that bibliography is generated
%% => Needs to be run also after reference is added.
%% To add reference; \cite{McAfeeAndIntel}
%% http://en.wikibooks.org/wiki/LaTeX/Bibliography_Management

%% Example of inproceedings - Harvard style

@Book{Paar2010,
  title     = {Understanding Cryptography: A textbook for students and practitioners},
  publisher = {Springer},
  year      = {2010},
  author    = {Christof Paar and Jan Pelzl},
  isbn      = {978-3-642-04100-6},
  doi       = {10.1007/978-3-642-04101-3},
}

@Book{Trappe2006,
  title     = {Introduction to cryptography with coding theory},
  publisher = {Pearson Prentice Hall},
  year      = {2006},
  author    = {Wade Trappe and Lawrence C. Washington},
  edition   = {2},
  isbn      = {0-13-186239-1},
}

@Book{Menezes1997,
  title     = {Handbook of applied cryptography},
  publisher = {CRC Press},
  year      = {1997},
  author    = {Alfred J. Menezes, Paul C. van Oorschot, andScott A. Vanstone},
  isbn      = {978-08493-8523-0},
}

@Comment{jabref-meta: databaseType:bibtex;}
